@misc{mosq,
title = {test.mosquitto.org},
url = {https://test.mosquitto.org/},
urldate = {2021-06-20}
}
@misc{hours,
title = {{Forex Market Hours}},
url = {https://www.markethours.net/forex-market-hours},
urldate = {2021-06-20}
}
@misc{deepsleep,
title = {{Max deep sleep for ESP8266, a deep-dive analysis â€¢ ThingPulse}},
url = {https://thingpulse.com/max-deep-sleep-for-esp8266/},
urldate = {2021-06-20}
}
@misc{token,
title = {{What Is Token-Based Authentication? | Okta}},
url = {https://www.okta.com/identity-101/what-is-token-based-authentication/},
urldate = {2021-06-20}
}
@misc{noderedfire,
title = {{node-red-contrib-firebase (node) - Node-RED}},
url = {https://flows.nodered.org/node/node-red-contrib-firebase},
urldate = {2021-06-20}
}
@misc{firebase,
title = {{Firebase Realtime Database}},
url = {https://firebase.google.com/docs/database},
urldate = {2021-06-20}
}
@misc{acoustics,
title = {{node-red-contrib-acoustics (node) - Node-RED}},
url = {https://flows.nodered.org/node/node-red-contrib-acoustics},
urldate = {2021-06-20}
}
@misc{api,
title = {{node-red-contrib-exchangeratesapi (node) - Node-RED}},
url = {https://flows.nodered.org/node/node-red-contrib-exchangeratesapi},
urldate = {2021-06-20}
}
