@misc{10years,
title = {{10 Years}},
url = {https://abcd.com/10-years},
urldate = {2021-05-19}
}